<record><leader>00000cas a22000007a 4500</leader><controlfield tag="001">22066160</controlfield><controlfield tag="008">900717d18971911aruwr ne      0    0eng d</controlfield><datafield ind1=" " ind2=" " tag="010"><subfield code="a">sn 90050246 </subfield></datafield><datafield ind1=" " ind2=" " tag="040"><subfield code="a">ANU</subfield><subfield code="b">eng</subfield><subfield code="c">ANU</subfield><subfield code="d">OCLCQ</subfield></datafield><datafield ind1=" " ind2=" " tag="042"><subfield code="a">msc</subfield></datafield><datafield ind1="0" ind2="4" tag="245"><subfield code="a">The Dumas news.</subfield></datafield><datafield ind1=" " ind2=" " tag="260"><subfield code="a">Dumas, Desha County, Ark. :</subfield><subfield code="b">J. Bernhardt</subfield></datafield><datafield ind1=" " ind2=" " tag="300"><subfield code="a">v.</subfield></datafield><datafield ind1=" " ind2=" " tag="310"><subfield code="a">Weekly</subfield></datafield><datafield ind1="1" ind2=" " tag="362"><subfield code="a">Began in 1897; ceased in 1911?</subfield></datafield><datafield ind1=" " ind2=" " tag="580"><subfield code="a">Merged with: McGehee news (non-extant), to form: Desha County news.</subfield></datafield><datafield ind1=" " ind2=" " tag="588"><subfield code="a">Description based on: 11th year, no. 50 (Dec. 17, 1910).</subfield></datafield><datafield ind1=" " ind2=" " tag="752"><subfield code="a">United States</subfield><subfield code="b">Arkansas</subfield><subfield code="c">Desha</subfield><subfield code="d">Dumas.</subfield></datafield><datafield ind1="1" ind2="7" tag="785"><subfield code="t">McGehee news</subfield></datafield><datafield ind1="1" ind2="7" tag="785"><subfield code="t">Desha County news</subfield><subfield code="w">(DLC)sn 89051204</subfield></datafield></record>